@book{econ,
  title={Using econometrics a practical guide},
  author={Studenmund, Arnold H},
  year={2014},
  publisher={Pearson}
}

@article{ridg,
      title={Lecture notes on ridge regression},
      author={van Wieringen, Wessel},
      year={2021},
      eprint={1509.09169},
      archivePrefix={arXiv},
      note={stat.ME}
}

@article{cart,
  title={An introduction to classification and regression tree (CART) analysis},
  author={Lewis, Roger J},
  publisher ={Annual meeting of the society for academic emergency medicine in San Francisco, California},
  volume={14},
  year={2000},
  organization={Citeseer}
}

@article{lda,
 ISSN = {00442550},
 author = {R. A. Eisenbeis},
 journal = {Journal of Institutional and Theoretical Economics},
 number = {3},
 pages = {500--521},
 publisher = {Mohr Siebeck GmbH & Co. KG},
 title = {Discriminant Analysis and Classification Procedures},
 volume = {127},
 year = {1971}
}

@article{glm,
  title={Regularization paths for generalized linear models via coordinate descent},
  author={Friedman, Jerome and Hastie, Trevor and Tibshirani, Rob},
  journal={Journal of statistical software},
  volume={33},
  number={1},
  pages={1},
  year={2010},
  publisher={NIH Public Access}
}
@article{lass,
  title={Genomic selection using regularized linear regression models: ridge regression, lasso, elastic net and their extensions},
  author={Ogutu, Joseph O and Schulz-Streeck, Torben and Piepho, Hans-Peter},
  booktitle={BMC proceedings},
  volume={6},
  number={2},
  pages={1--6},
  year={2012},
  organization={Springer}
}

@article{kfold,
  title={Sensitivity analysis of k-fold cross validation in prediction error estimation},
  author={Rodriguez, Juan D and Perez, Aritz and Lozano, Jose A},
  journal={IEEE transactions on pattern analysis and machine intelligence},
  volume={32},
  number={3},
  pages={569--575},
  year={2009},
  publisher={IEEE}
}

@manual{nids,
 title = {National Income Dynamics Study 2017, Wave 5 dataset},
 organisation = {Southern Africa Labour and Development Research Unit},
 year = {2018},
 publisher = {Department of Planning, Monitoring, and Evaluation [funding agency] & DataFirst [distributor]},
 address = {Cape Town, South Africa},
 note = {version 1.0.0},
 url = {https://doi.org/10.25828/fw3h-v708}
 }

@article{k,
 title = {Cross-Validation Essentials in R},
 author = {Kassambara, A},
 year = {2018},
 organisation = {Statistical tools for high-throughput data analysis},
 url = {http://www.sthda.com/english/articles/38-regression-model-validation/157-cross-validation-essentials-in-r/}
 }

@article{rmse,
 title = {Linear Regression Essentials in R},
 author = {Kassambara, A},
 year = {2018},
 organisation = {Statistical tools for high-throughput data analysis},
 url = {http://www.sthda.com/english/articles/40-regression-analysis/165-linear-regression-essentials-in-r/}
 }

@article{ecoml,
    author = {Storm, Hugo and Baylis, Kathy and Heckelei, Thomas},
    title = "{Machine learning in agricultural and applied economics}",
    journal = {European Review of Agricultural Economics},
    volume = {47},
    number = {3},
    pages = {849-892},
    year = {2019},
    month = {08},
    issn = {0165-1587},
    doi = {10.1093/erae/jbz033},
    url = {https://doi.org/10.1093/erae/jbz033},
    eprint = {https://academic.oup.com/erae/article-pdf/47/3/849/33389999/jbz033\_appendix\_for\_ml\_and\_applied\_econ.pdf},
}


@incollection{eco,
  title={The Impact of Machine Learning on Economics},
  author={Athey, Susan},
  booktitle={The economics of artificial intelligence},
  pages={507--552},
  year={2019},
  publisher={University of Chicago Press}
}

@article{svm,
 title = {Support Vector Machine â€” Introduction to Machine Learning Algorithms},
 author = {Gandhi, R.},
 year = {2018},
 url = {https://towardsdatascience.com/934a444fca47}
 }

@article{rose,
 title = {{ROSE}: a {P}ackage for {B}inary {I}mbalanced {L}earning},
 author = {Nicola Lunardon and Giovanna Menardi and Nicola Torelli},
 journal = {{R} Journal},
 year = {2014},
 volume = {6},
 number = {1},
 pages = {82--92},
 }

@book{book,
 author = {Boehmke, Brad and Greenwell, Brandon},
 year = {2019},
 month = {11},
 title = {Hands-On Machine Learning with R},
 isbn = {9780367816377},
 doi = {10.1201/9780367816377}
}

@article{ml,
 title = {R Machine Learning},
 author = {Brownlee, J},
 year = {2016},
 organisation = {Machine Learning Mastery},
 url = {https://machinelearningmastery.com/machine-learning-in-r-step-by-step/}
 }

@article{ridge,
 title = {E-Learning Project SOGA: Statistics and Geospatial Data Analysis},
 author = {Hartmann, K, Krois, J and Waske, B},
 year = {2018},
 publisher = {Department of Earth Sciences, Freie Universitaet Berlin}
 }

@article{grinold2000,
  title={Active portfolio management},
  author={Grinold, Richard C and Kahn, Ronald N},
  year={2000},
  publisher={McGraw Hill New York, NY}
}

  @Manual{Texevier,
    title = {{Texevier}: {P}ackage to create Elsevier templates for Rmarkdown},
    author = {N.F. Katzke},
    organization = {Bureau for Economic Research},
    address = {Stellenbosch, South Africa},
    note = {version 0.1.2},
    year = {2017},
  }
